@article{afriat:22,
  author   = {Afriat, Amichay and Zuzarte-Luís, Vanessa and Bahar Halpern, Keren and Buchauer, Lisa and Marques, Sofia and Chora, Ângelo Ferreira and Lahree, Aparajita and Amit, Ido and Mota, Maria M. and Itzkovitz, Shalev},
  url      = {https://doi.org/10.1038/s41586-022-05406-5},
  date     = {2022-11-01},
  doi      = {10.1038/s41586-022-05406-5},
  issn     = {1476-4687},
  journal  = {Nature},
  number   = {7936},
  pages    = {563--569},
  title    = {A spatiotemporally resolved single-cell atlas of the Plasmodium liver stage},
  volume   = {611},
  year     = {2022},
}


@article{domcke:20,
  title={A human cell atlas of fetal chromatin accessibility},
  author={Domcke, Silvia and Hill, Andrew J and Daza, Riza M and Cao, Junyue and O’Day, Diana R and Pliner, Hannah A and Aldinger, Kimberly A and Pokholok, Dmitry and Zhang, Fan and Milbank, Jennifer H and others},
  journal={Science},
  volume={370},
  number={6518},
  pages={eaba7612},
  year={2020},
  publisher={American Association for the Advancement of Science}
}

@article{martens:22,
  title={Modeling fragment counts improves single-cell ATAC-seq analysis},
  author={Martens, Laura D and Fischer, David S and Theis, Fabian J and Gagneur, Julien},
  journal={bioRxiv},
  pages={2022--05},
  year={2022},
  publisher={Cold Spring Harbor Laboratory}
}
