@misc{ardc,
author = {Agocs, F J and Barnett, A H},
keywords = {Numerical Analysis (math.NA), FOS: Mathematics, FOS: Mathematics},
title = {An adaptive spectral method for oscillatory second-order linear {ODEs} with frequency-independent cost},
publisher = {arXiv},
year = {2022},
doi = {10.48550/arxiv.2212.06924}
}

@article{oscode-joss,
year = {2020}, 
publisher = {The Open Journal}, 
volume = {5}, 
number = {56},
pages = {2830}, 
author = {Agocs, F J}, 
title = {{(py)}oscode: fast solutions of oscillatory {ODEs}}, 
journal = {Journal of Open Source Software},
doi = {10.21105/joss.02830}
}

@article{oscode-theory,
title={Efficient method for solving highly oscillatory ordinary differential equations with applications to physical systems},
author={Agocs, F J and Handley, W J and Lasenby, A N and Hobson, M P},
journal={Physical Review Research},
volume={2},
number={1},
pages={013030},
year={2020},
publisher={American Physical Society},
doi = {10.1103/PhysRevResearch.2.013030}
}

@article{phasefntp,
title={Phase function methods for second order linear ordinary differential equations with turning points},
author={Bremer, James},
journal={arXiv preprint arXiv:2209.14561},
year={2022},
doi = {10.48550/arxiv.2209.14561}
}

@article{kummerphase,
title={On the numerical solution of second order ordinary differential equations in the high-frequency regime},
author={Bremer, James},
journal={Applied and Computational Harmonic Analysis},
volume={44},
number={2},
pages={312--349},
year={2018},
publisher={Elsevier},
doi = {10.1016/j.acha.2016.05.002}
}

@article{petzoldrev,
title={Numerical solution of highly oscillatory ordinary differential equations},
author={Petzold, Linda R and Jay, Laurent O and Yen, Jeng},
journal={Acta numerica},
volume={6},
pages={437--483},
year={1997},
publisher={Cambridge University Press},
doi={10.1017/S0962492900002750}
}

@article{wkbmarching1,
title={{WKB}-based scheme with adaptive step size control for the {S}chr{\"o}dinger equation in the highly oscillatory regime},
author={K{\"o}rner, Jannis and Arnold, Anton and D{\"o}pfner, Kirian},
journal={Journal of Computational and Applied Mathematics},
volume={404},
pages={113905},
year={2022},
publisher={Elsevier},
doi = {10.1016/j.cam.2021.113905}
}

@article{wkbmarching2,
title={WKB-based schemes for the oscillatory 1{D} {S}chr{\"o}dinger equation in the semiclassical limit},
author={Arnold, Anton and Abdallah, Naoufel Ben and Negulescu, Claudia},
journal={SIAM journal on numerical analysis},
volume={49},
number={4},
pages={1436--1460},
year={2011},
publisher={SIAM},
doi = {10.1137/100800373}
}

@article{scipy,
author  = {Virtanen, Pauli and Gommers, Ralf and Oliphant, Travis E. and
          Haberland, Matt and Reddy, Tyler and Cournapeau, David and
          Burovski, Evgeni and Peterson, Pearu and Weckesser, Warren and
          Bright, Jonathan and {van der Walt}, St{\'e}fan J. and
          Brett, Matthew and Wilson, Joshua and Millman, K. Jarrod and
          Mayorov, Nikolay and Nelson, Andrew R. J. and Jones, Eric and
          Kern, Robert and Larson, Eric and Carey, C J and
          Polat, {\.I}lhan and Feng, Yu and Moore, Eric W. and
          {VanderPlas}, Jake and Laxalde, Denis and Perktold, Josef and
          Cimrman, Robert and Henriksen, Ian and Quintero, E. A. and
          Harris, Charles R. and Archibald, Anne M. and
          Ribeiro, Ant{\^o}nio H. and Pedregosa, Fabian and
          {van Mulbregt}, Paul and {SciPy 1.0 Contributors}},
title   = {{SciPy} 1.0: Fundamental Algorithms for Scientific
          Computing in Python},
journal = {Nature Methods},
year    = {2020},
volume  = {17},
pages   = {261--272},
doi     = {10.1038/s41592-019-0686-2},
}

@article{dop853,
title={A family of embedded {R}unge-{K}utta formulae},
author={Dormand, John R and Prince, Peter J},
journal={Journal of computational and applied mathematics},
volume={6},
number={1},
pages={19--26},
year={1980},
publisher={Elsevier},
doi = {10.1016/0771-050X(80)90013-3} 
}
